[gd_scene load_steps=13 format=3 uid="uid://gvcb3cg38uh5"]

[ext_resource type="PackedScene" uid="uid://ciao2ri2ymfd7" path="res://Scenes/run.tscn" id="1_1oqiw"]
[ext_resource type="PackedScene" uid="uid://b8rj1josmd8g7" path="res://Scenes/movement.tscn" id="1_x7ppu"]
[ext_resource type="PackedScene" uid="uid://bslq12u1nafft" path="res://Scenes/interaction.tscn" id="3_w3gnn"]
[ext_resource type="Texture2D" uid="uid://7xjis6j4qbau" path="res://UI/defualt_64.png" id="4_1cuch"]
[ext_resource type="PackedScene" uid="uid://u2omofd8s0ev" path="res://Scenes/jump.tscn" id="4_4qddg"]
[ext_resource type="PackedScene" uid="uid://hxidtd0djsp6" path="res://Scenes/squash.tscn" id="5_elk00"]
[ext_resource type="Texture2D" uid="uid://c3e30govctejc" path="res://UI/hover.png" id="5_j617k"]
[ext_resource type="PackedScene" uid="uid://xasi1w710de" path="res://3DObjects/Characters/Player_mesh.tscn" id="9_c2nud"]
[ext_resource type="PackedScene" uid="uid://c1p7nm4veotrl" path="res://3DObjects/Characters/Garment/Hat1.glb" id="9_cq3w3"]

[sub_resource type="CapsuleMesh" id="CapsuleMesh_3jioo"]

[sub_resource type="CapsuleShape3D" id="CapsuleShape3D_q5y8h"]

[sub_resource type="SphereMesh" id="SphereMesh_u7pat"]

[node name="Player" type="CharacterBody3D"]
metadata/Speed = 7.0
metadata/RunSpeed = 10.0
metadata/WalkSpeed = 7.0
metadata/CrouchSpeed = 5.0

[node name="MeshInstance3D" type="MeshInstance3D" parent="."]
transform = Transform3D(1, 0, 0, 0, 1, 0, 0, 0, 1, 0, 1, 0)
visible = false
mesh = SubResource("CapsuleMesh_3jioo")

[node name="CollisionShape3D" type="CollisionShape3D" parent="."]
transform = Transform3D(1, 0, 0, 0, 1, 0, 0, 0, 1, 0, 1, 0)
shape = SubResource("CapsuleShape3D_q5y8h")

[node name="Movement" parent="." node_paths=PackedStringArray("animator") instance=ExtResource("1_x7ppu")]
animator = NodePath("../Player_Mesh/AnimationPlayer")

[node name="Run" parent="." instance=ExtResource("1_1oqiw")]

[node name="Interaction" parent="." instance=ExtResource("3_w3gnn")]
default_curser = ExtResource("4_1cuch")
hover_curser = ExtResource("5_j617k")

[node name="Jump" parent="." instance=ExtResource("4_4qddg")]

[node name="Squash" parent="." node_paths=PackedStringArray("parent") instance=ExtResource("5_elk00")]
parent = NodePath("..")

[node name="MeshInstance3D2" type="MeshInstance3D" parent="."]
transform = Transform3D(0.5, 0, 0, 0, 0.5, 0, 0, 0, 0.5, 0, 1.94944, 0.51283)
visible = false
mesh = SubResource("SphereMesh_u7pat")

[node name="Player_Mesh" parent="." instance=ExtResource("9_c2nud")]
transform = Transform3D(2, 0, 0, 0, 2, 0, 0, 0, 2, 0, 0, 0)

[node name="Skeleton3D" parent="Player_Mesh/HumanRig" index="0"]
bones/0/position = Vector3(3.31613e-19, 0.607891, -0.0230048)
bones/2/rotation = Quaternion(0.00568103, -9.71288e-15, 1.35445e-09, 0.999984)
bones/3/rotation = Quaternion(-0.0367856, -1.19129e-07, -4.38516e-09, 0.999323)
bones/4/rotation = Quaternion(0.162877, 1.17617e-07, 1.94164e-08, 0.986647)
bones/6/rotation = Quaternion(-0.107841, 3.5554e-07, 1.28554e-08, 0.994168)
bones/7/position = Vector3(-1.44298e-08, 0.607891, -0.0230048)
bones/8/position = Vector3(2.64113e-08, 0.607891, -0.0230048)
bones/9/position = Vector3(0.095126, 0.645337, -0.00708758)
bones/9/rotation = Quaternion(0.997714, 0.0199647, -0.0644716, 0.00331347)
bones/9/scale = Vector3(0.999998, 1, 0.999998)
bones/10/rotation = Quaternion(-5.58414e-09, -0.0287772, -8.72296e-09, 0.999586)
bones/11/rotation = Quaternion(0.106584, -0.0287773, 0.00308609, 0.993882)
bones/11/scale = Vector3(1, 1, 0.999999)
bones/12/rotation = Quaternion(3.15847e-08, 0.0283188, -4.23975e-09, 0.999599)
bones/13/rotation = Quaternion(-0.606149, 0.0435758, 0.0359115, 0.793344)
bones/13/scale = Vector3(1, 1, 0.999996)
bones/15/position = Vector3(-0.0863419, 0.645328, -0.00932024)
bones/15/rotation = Quaternion(0.997178, -0.0382834, 0.064536, 0.00236261)
bones/15/scale = Vector3(1.00008, 0.999841, 1.00008)
bones/16/rotation = Quaternion(-2.0704e-08, 0.0789475, -9.93221e-09, 0.996879)
bones/17/rotation = Quaternion(0.1051, 0.0789469, -0.00836852, 0.991288)
bones/17/scale = Vector3(1, 0.999987, 1.00001)
bones/18/rotation = Quaternion(3.47912e-08, -0.0744612, 4.51704e-09, 0.997224)
bones/19/rotation = Quaternion(-0.598524, -0.0896929, -0.0675682, 0.793195)
bones/19/scale = Vector3(0.999932, 0.999912, 1.00016)
bones/21/position = Vector3(0.046337, 1.18126, -0.0404558)
bones/22/position = Vector3(0.176018, 1.10672, -0.0339611)
bones/22/rotation = Quaternion(-0.0579388, 0.107419, -0.988661, 0.0874814)
bones/22/scale = Vector3(1.00097, 0.998062, 1.00097)
bones/23/rotation = Quaternion(-1.17495e-07, 0.0612205, 1.01961e-07, 0.998124)
bones/24/rotation = Quaternion(0.251047, 0.0611942, -0.0158824, 0.965908)
bones/24/scale = Vector3(0.999982, 0.999346, 1.00067)
bones/25/rotation = Quaternion(-1.54922e-07, 0.0074311, -1.12456e-09, 0.999972)
bones/26/rotation = Quaternion(0.0115873, -0.00289075, 0.008142, 0.999896)
bones/26/scale = Vector3(0.999048, 1.0019, 0.999049)
bones/46/position = Vector3(-0.046337, 1.18126, -0.0404558)
bones/47/position = Vector3(-0.176018, 1.10672, -0.0339611)
bones/47/rotation = Quaternion(-0.0290024, -0.0604708, 0.994606, 0.079128)
bones/47/scale = Vector3(0.999832, 1.00034, 0.999832)
bones/48/rotation = Quaternion(3.98494e-09, -0.054871, 6.65747e-08, 0.998493)
bones/49/rotation = Quaternion(0.201679, -0.0548735, 0.0113215, 0.977848)
bones/49/scale = Vector3(1, 1.00007, 0.999925)
bones/50/rotation = Quaternion(-8.37841e-08, -0.00438042, -1.79789e-08, 0.99999)
bones/51/rotation = Quaternion(0.00903556, 0.00594579, -0.0312962, 0.999452)
bones/51/scale = Vector3(1.00016, 0.999673, 1.00016)

[node name="HeadAttachment" type="BoneAttachment3D" parent="Player_Mesh/HumanRig/Skeleton3D" index="5"]
transform = Transform3D(1, -5.11219e-08, 4.71287e-07, 6.03237e-08, 0.999809, -0.0195457, -4.70198e-07, 0.0195457, 0.999809, -4.84429e-14, 1.29352, 0.00263943)
bone_name = "DEF-spine.006"
bone_idx = 6

[node name="Hat1" parent="Player_Mesh/HumanRig/Skeleton3D/HeadAttachment" instance=ExtResource("9_cq3w3")]
transform = Transform3D(1, 6.08583e-08, 7.89858e-09, -6.08584e-08, 0.966872, 0.25526, 7.89825e-09, -0.25526, 0.966872, -2.04235e-09, 0.0826184, 0.00856621)

[editable path="Player_Mesh"]
