[gd_scene load_steps=4 format=3 uid="uid://baojci7jtpktr"]

[ext_resource type="Texture2D" uid="uid://dhqfp4tqp5ieq" path="res://packs/dialouge_box/dialogue_backgroung.png" id="1_fugfy"]
[ext_resource type="Script" path="res://Scripts/Quest/quest_ui.gd" id="1_lmnjm"]
[ext_resource type="FontFile" uid="uid://dapxtymadc3wt" path="res://packs/Fonts/Spooky Cat Font by Dreamink-7NTypes.otf" id="2_phahp"]

[node name="Quest_UI" type="Control" node_paths=PackedStringArray("panel", "top_panel")]
layout_mode = 3
anchors_preset = 15
anchor_right = 1.0
anchor_bottom = 1.0
grow_horizontal = 2
grow_vertical = 2
script = ExtResource("1_lmnjm")
panel = NodePath("NinePatchRect2")
top_panel = NodePath("NinePatchRect")

[node name="NinePatchRect" type="NinePatchRect" parent="."]
layout_mode = 1
anchors_preset = -1
anchor_left = 0.252
anchor_top = 0.02
anchor_right = 0.75
anchor_bottom = 0.053
offset_left = 0.160004
offset_top = -92.6
offset_bottom = -93.24
grow_horizontal = 2
grow_vertical = 2
texture = ExtResource("1_fugfy")
patch_margin_left = 5
patch_margin_top = 5
patch_margin_right = 5
patch_margin_bottom = 5

[node name="RichTextLabel" type="RichTextLabel" parent="NinePatchRect"]
layout_mode = 1
anchors_preset = 15
anchor_right = 1.0
anchor_bottom = 1.0
grow_horizontal = 2
grow_vertical = 2
theme_override_colors/default_color = Color(0, 0, 0, 1)
theme_override_fonts/normal_font = ExtResource("2_phahp")
theme_override_font_sizes/normal_font_size = 25
bbcode_enabled = true
text = "[center]Explore Halloween Town...![/center]"
fit_content = true
tab_size = 5

[node name="NinePatchRect2" type="NinePatchRect" parent="."]
clip_contents = true
layout_mode = 1
anchors_preset = -1
anchor_left = 0.25
anchor_top = 0.2
anchor_right = 0.75
anchor_bottom = 0.8
grow_horizontal = 2
grow_vertical = 2
scale = Vector2(1e-05, 1e-05)
texture = ExtResource("1_fugfy")
patch_margin_left = 5
patch_margin_top = 5
patch_margin_right = 5
patch_margin_bottom = 5

[node name="ItemListCurrent" type="ItemList" parent="NinePatchRect2"]
layout_mode = 1
anchors_preset = -1
anchor_top = 0.1
anchor_right = 0.5
anchor_bottom = 1.0
grow_horizontal = 2
grow_vertical = 2
theme_override_colors/font_color = Color(0, 0, 0, 1)
theme_override_fonts/font = ExtResource("2_phahp")
theme_override_font_sizes/font_size = 30

[node name="ItemListCompleted" type="ItemList" parent="NinePatchRect2"]
layout_mode = 1
anchors_preset = -1
anchor_left = 0.5
anchor_top = 0.1
anchor_right = 1.0
anchor_bottom = 1.0
grow_horizontal = 2
grow_vertical = 2
theme_override_colors/font_color = Color(0, 0, 0, 1)
theme_override_fonts/font = ExtResource("2_phahp")
theme_override_font_sizes/font_size = 30

[node name="RichTextLabel2" type="RichTextLabel" parent="NinePatchRect2"]
layout_mode = 1
anchors_preset = -1
anchor_right = 0.5
anchor_bottom = 0.077
offset_bottom = 0.103996
theme_override_colors/default_color = Color(0, 0, 0, 1)
theme_override_fonts/normal_font = ExtResource("2_phahp")
theme_override_font_sizes/normal_font_size = 40
bbcode_enabled = true
text = "[center]Active Quest[/center]"
fit_content = true
tab_size = 5

[node name="RichTextLabel3" type="RichTextLabel" parent="NinePatchRect2"]
layout_mode = 1
anchors_preset = -1
anchor_left = 0.511
anchor_right = 1.0
anchor_bottom = 0.079
offset_left = 0.439972
offset_right = 11.0
offset_bottom = -0.192001
theme_override_colors/default_color = Color(0, 0, 0, 1)
theme_override_fonts/normal_font = ExtResource("2_phahp")
theme_override_font_sizes/normal_font_size = 40
bbcode_enabled = true
text = "[center]Completed Quest[/center]"
fit_content = true
tab_size = 5

[node name="Timer" type="Timer" parent="."]
