[gd_scene load_steps=24 format=3 uid="uid://bcp8anrryp53a"]

[ext_resource type="PackedScene" uid="uid://gvcb3cg38uh5" path="res://Scenes/Player.tscn" id="1_0cwp8"]
[ext_resource type="PackedScene" uid="uid://ladkptm4jbc3" path="res://Scenes/sight_transform.tscn" id="2_ctbl3"]
[ext_resource type="Shader" path="res://Scripts/Shader/outline.gdshader" id="3_kuw38"]
[ext_resource type="PackedScene" uid="uid://bm04oan5et8c4" path="res://Scenes/chat_interactable.tscn" id="3_u55cb"]
[ext_resource type="PackedScene" uid="uid://biaacg1fukthj" path="res://Scenes/dialouge.tscn" id="4_04fk4"]
[ext_resource type="PackedScene" uid="uid://grveal0agrem" path="res://Scenes/squish_interactable.tscn" id="4_ikfcg"]
[ext_resource type="PackedScene" uid="uid://dq1l4owmranpv" path="res://Scenes/jump_recoil.tscn" id="5_cyjhf"]
[ext_resource type="PackedScene" uid="uid://un4uli7mfnkc" path="res://Scenes/outline_interactable.tscn" id="7_t1323"]
[ext_resource type="PackedScene" uid="uid://fd8goiky0l5h" path="res://Scenes/camera_3d_follow.tscn" id="7_xr3bi"]
[ext_resource type="PackedScene" uid="uid://cdfxu0uyhhoub" path="res://Scenes/camera_shake.tscn" id="8_aavm5"]
[ext_resource type="PackedScene" uid="uid://c3yxvlj1awshm" path="res://Scenes/notification.tscn" id="10_xep5i"]
[ext_resource type="PackedScene" uid="uid://djekionf0cxoy" path="res://Scenes/notification_interactable.tscn" id="12_y1i7k"]

[sub_resource type="BoxMesh" id="BoxMesh_h4nn2"]

[sub_resource type="BoxMesh" id="BoxMesh_q3adc"]

[sub_resource type="ShaderMaterial" id="ShaderMaterial_ycqgy"]
render_priority = 0
shader = ExtResource("3_kuw38")
shader_parameter/enable = true
shader_parameter/outline_thickness = 0.0
shader_parameter/color = Color(0, 0, 0, 0)

[sub_resource type="StandardMaterial3D" id="StandardMaterial3D_v7fqp"]
next_pass = SubResource("ShaderMaterial_ycqgy")

[sub_resource type="BoxShape3D" id="BoxShape3D_hmxp4"]

[sub_resource type="BoxMesh" id="BoxMesh_2ucsn"]

[sub_resource type="StandardMaterial3D" id="StandardMaterial3D_51xm4"]
next_pass = SubResource("ShaderMaterial_ycqgy")

[sub_resource type="SphereMesh" id="SphereMesh_38nhy"]

[sub_resource type="ShaderMaterial" id="ShaderMaterial_km118"]
render_priority = 0
shader = ExtResource("3_kuw38")
shader_parameter/enable = true
shader_parameter/outline_thickness = 0.0
shader_parameter/color = Color(0, 0, 0, 0)

[sub_resource type="StandardMaterial3D" id="StandardMaterial3D_jhku0"]
next_pass = SubResource("ShaderMaterial_km118")

[sub_resource type="SphereShape3D" id="SphereShape3D_utsyj"]

[node name="Node3D" type="Node3D"]

[node name="Ground" type="CSGMesh3D" parent="."]
transform = Transform3D(30, 0, 0, 0, 1, 0, 0, 0, 30, 0, -0.5, 0)
use_collision = true
mesh = SubResource("BoxMesh_h4nn2")

[node name="Player_" parent="." instance=ExtResource("1_0cwp8")]
transform = Transform3D(1, 0, 0, 0, 1, 0, 0, 0, 1, 0, 3.16276, 0)
metadata/Speed = 4.0
metadata/RunSpeed = 6.0
metadata/WalkSpeed = 4.0
metadata/CrouchSpeed = 1.0

[node name="Interaction" parent="Player_" index="4" node_paths=PackedStringArray("camera")]
camera = NodePath("../../Camera3D")

[node name="Jump" parent="Player_" index="5" node_paths=PackedStringArray("parent")]
parent = NodePath("..")
force = 15.0
force_double = 10.0
gravity = -30.0

[node name="HeadAttachment" parent="Player_/Player_Mesh/HumanRig/Skeleton3D" index="5"]
transform = Transform3D(1, -5.11219e-08, 4.71287e-07, 6.03237e-08, 0.999809, -0.0195457, -4.70198e-07, 0.0195457, 0.999809, -4.84429e-14, 1.29352, 0.00263943)

[node name="Sight_Transform" parent="Player_" node_paths=PackedStringArray("target", "parent") instance=ExtResource("2_ctbl3")]
target = NodePath("../../Obstacle")
parent = NodePath("..")
distance = 10.0
angle = 90.0

[node name="DirectionalLight3D" type="DirectionalLight3D" parent="."]
transform = Transform3D(-0.244706, -0.852674, -0.461592, 0.526237, -0.516644, 0.675392, -0.814367, -0.0776345, 0.575134, 0, 0, 0)

[node name="Obstacle" type="StaticBody3D" parent="."]
transform = Transform3D(1, 0, 0, 0, 1, 0, 0, 0, 1, 0, 0.077145, 6)
collision_layer = 25

[node name="MeshInstance3D" type="MeshInstance3D" parent="Obstacle"]
transform = Transform3D(1, 0, 0, 0, 1, 0, 0, 0, 1, 0, 0.5, 0)
mesh = SubResource("BoxMesh_q3adc")
surface_material_override/0 = SubResource("StandardMaterial3D_v7fqp")

[node name="CollisionShape3D" type="CollisionShape3D" parent="Obstacle"]
transform = Transform3D(1, 0, 0, 0, 1, 0, 0, 0, 1, 0, 0.5, 0)
shape = SubResource("BoxShape3D_hmxp4")

[node name="chat_interactable" parent="Obstacle" instance=ExtResource("3_u55cb")]
id = "npc_1"
_name = "Sam"

[node name="squish_interactable" parent="Obstacle" node_paths=PackedStringArray("parent") instance=ExtResource("4_ikfcg")]
parent = NodePath("..")

[node name="Jump_Recoil" parent="Obstacle" node_paths=PackedStringArray("parent") instance=ExtResource("5_cyjhf")]
parent = NodePath("..")

[node name="outline_interactable" parent="Obstacle" node_paths=PackedStringArray("mesh_instance") instance=ExtResource("7_t1323")]
mesh_instance = NodePath("../MeshInstance3D")

[node name="Obstacle2" type="StaticBody3D" parent="."]
transform = Transform3D(0.578797, 0, 0.815471, 0, 1, 0, -0.815471, 0, 0.578797, 5.76639, 0.077145, 0.729002)
visible = false
collision_layer = 25

[node name="MeshInstance3D" type="MeshInstance3D" parent="Obstacle2"]
transform = Transform3D(1, 0, 0, 0, 1, 0, 0, 0, 1, 0, 0.5, 0)
mesh = SubResource("BoxMesh_2ucsn")
surface_material_override/0 = SubResource("StandardMaterial3D_51xm4")

[node name="CollisionShape3D" type="CollisionShape3D" parent="Obstacle2"]
transform = Transform3D(1, 0, 0, 0, 1, 0, 0, 0, 1, 0, 0.5, 0)
shape = SubResource("BoxShape3D_hmxp4")

[node name="chat_interactable" parent="Obstacle2" instance=ExtResource("3_u55cb")]
id = "npc_2"
_name = "Sam"

[node name="squish_interactable" parent="Obstacle2" node_paths=PackedStringArray("parent") instance=ExtResource("4_ikfcg")]
parent = NodePath("../../Obstacle")

[node name="Jump_Recoil" parent="Obstacle2" node_paths=PackedStringArray("parent") instance=ExtResource("5_cyjhf")]
parent = NodePath("../../Obstacle")

[node name="outline_interactable" parent="Obstacle2" node_paths=PackedStringArray("mesh_instance") instance=ExtResource("7_t1323")]
mesh_instance = NodePath("../../Obstacle/MeshInstance3D")

[node name="Camera3D" type="Camera3D" parent="."]
transform = Transform3D(-1, 6.69697e-08, -5.61943e-08, 0, 0.642788, 0.766044, 8.74228e-08, 0.766044, -0.642788, 0, 0, 0)

[node name="Camera3DFollow" parent="Camera3D" node_paths=PackedStringArray("camera", "target") instance=ExtResource("7_xr3bi")]
camera = NodePath("..")
target = NodePath("../../Player_")
offset = Vector3(0, 10, -5)
lerp_speed = 10.0

[node name="Camera_shake" parent="Camera3D" node_paths=PackedStringArray("camera") instance=ExtResource("8_aavm5")]
camera = NodePath("..")

[node name="Canvas" type="Control" parent="."]
layout_mode = 3
anchors_preset = 0
offset_right = 1920.0
offset_bottom = 1080.0

[node name="Dialouge" parent="Canvas" instance=ExtResource("4_04fk4")]
layout_mode = 1

[node name="Notification" parent="Canvas" instance=ExtResource("10_xep5i")]
layout_mode = 1

[node name="Key" type="StaticBody3D" parent="."]
transform = Transform3D(1, 0, 0, 0, 1, 0, 0, 0, 1, -4.65431, 0.526642, 3.46836)
collision_layer = 25

[node name="MeshInstance3D" type="MeshInstance3D" parent="Key"]
mesh = SubResource("SphereMesh_38nhy")
surface_material_override/0 = SubResource("StandardMaterial3D_jhku0")

[node name="CollisionShape3D" type="CollisionShape3D" parent="Key"]
shape = SubResource("SphereShape3D_utsyj")

[node name="squish_interactable" parent="Key" node_paths=PackedStringArray("parent") instance=ExtResource("4_ikfcg")]
parent = NodePath("..")

[node name="Jump_Recoil" parent="Key" node_paths=PackedStringArray("parent") instance=ExtResource("5_cyjhf")]
parent = NodePath("..")

[node name="outline_interactable" parent="Key" node_paths=PackedStringArray("mesh_instance") instance=ExtResource("7_t1323")]
mesh_instance = NodePath("../MeshInstance3D")

[node name="notification_interactable" parent="Key" instance=ExtResource("12_y1i7k")]
id = "i_1"

[editable path="Player_"]
[editable path="Player_/Player_Mesh"]
[editable path="Canvas/Notification"]
